@article{page1966imminence,
  title={The Imminence of Grading Essays by Computer},
  author={Page, Ellis Batten},
  journal={Phi Delta Kappan},
  volume={47},
  number={5},
  pages={238--243},
  year={1966},
  url={https://wac.colostate.edu/docs/books/usu/machine/chapter17.pdf}
}

@article{e-rater2006,
  title={Automated essay scoring with e-rater® V.2},
  author={Attali, Yigal and Burstein, Jill},
  journal={The Journal of Technology, Learning and Assessment},
  volume={4},
  number={3},
  year={2006},
  publisher={Boston College},
  url={https://ejournals.bc.edu/index.php/jtla/article/view/1647}
}

@book{shermis2013handbook,
  title={Handbook of Automated Essay Evaluation: Current Applications and New Directions},
  author={Shermis, Mark D. and Burstein, Jill},
  year={2013},
  publisher={Routledge},
  url={https://www.routledge.com/Handbook-of-Automated-Essay-Evaluation-Current-Applications-and-New-Directions/Shermis-Burstein/p/book/9780415810968}
}

@article{devlin2019bert,
  title={BERT: Pre-training of Deep Bidirectional Transformers for Language Understanding},
  author={Devlin, Jacob and Chang, Ming-Wei and Lee, Kenton and Toutanova, Kristina},
  journal={arXiv preprint arXiv:1810.04805},
  year={2019},
  url={https://arxiv.org/abs/1810.04805}
}

@article{liu2019roberta,
  title={RoBERTa: A Robustly Optimized BERT Pretraining Approach},
  author={Liu, Yinhan and Ott, Myle and Goyal, Naman and Du, Jingfei and Joshi, Mandar and Chen, Danqi and Levy, Omer and Lewis, Mike and Zettlemoyer, Luke and Stoyanov, Veselin},
  journal={arXiv preprint arXiv:1907.11692},
  year={2019},
  url={https://arxiv.org/abs/1907.11692}
}

@inproceedings{taghipour2016neural,
  title={A Neural Approach to Automated Essay Scoring},
  author={Taghipour, Kaveh and Ng, Hwee Tou},
  booktitle={Proceedings of the 2016 Conference on Empirical Methods in Natural Language Processing},
  pages={1882--1891},
  year={2016},
  url={https://aclanthology.org/D16-1193/}
}

@article{blodgett2020language,
  title={Language (Technology) is Power: A Critical Survey of “Bias” in NLP},
  author={Blodgett, Su Lin and Barocas, Solon and Daumé III, Hal and Wallach, Hanna},
  journal={Proceedings of the 58th Annual Meeting of the Association for Computational Linguistics},
  pages={5454--5476},
  year={2020},
  url={https://aclanthology.org/2020.acl-main.485/}
}

@article{lundberg2017unified,
  title={A Unified Approach to Interpreting Model Predictions},
  author={Lundberg, Scott M. and Lee, Su-In},
  journal={Advances in Neural Information Processing Systems},
  volume={30},
  pages={4765--4774},
  year={2017},
  url={https://arxiv.org/abs/1705.07874}
}

@book{page2003,
  author    = {Ellis B. Page and Keith N. Petersen},
  title     = {The Computer Moves into Essay Grading: Updating the Ancient Test},
  publisher = {Pearson},
  year      = {2003},
  address   = {New York}
}

@article{dikli2006,
  author  = {Semire Dikli},
  title   = {An Overview of Automated Scoring of Essays},
  journal = {The Journal of Technology, Learning and Assessment},
  volume  = {5},
  number  = {1},
  year    = {2006},
  url     = {https://ejournals.bc.edu/index.php/jtla/article/view/1646}
}

@article{beigman2021limitations,
  author  = {Beigman Klebanov, Beata and Madnani, Nitin and Cahill, Aoife and Flor, Michael},
  title   = {Limitations of automated essay scoring when evaluating narrative writing},
  journal = {Assessing Writing},
  volume  = {47},
  year    = {2021},
  pages   = {100511},
  doi     = {10.1016/j.asw.2020.100511}
}

@incollection{landauer2003iea,
  title={Automated scoring and annotation of essays with the Intelligent Essay Assessor},
  author={Landauer, Thomas K and Laham, Darrell and Foltz, Peter W},
  booktitle={Automated essay scoring: A cross-disciplinary perspective},
  pages={87--112},
  year={2003},
  publisher={Lawrence Erlbaum Associates},
  address={Mahwah, NJ},
  url={https://citeseerx.ist.psu.edu/viewdoc/download?doi=10.1.1.83.3597&rep=rep1&type=pdf}
}

@article{beigman2021narrative,
  title={Limitations of automated essay scoring when evaluating narrative writing},
  author={Beigman Klebanov, Beata and Burstein, Jill and Gyawali, Binod and Sabatini, John},
  journal={Assessing Writing},
  volume={47},
  pages={100511},
  year={2021},
  publisher={Elsevier},
  doi={10.1016/j.asw.2020.100511},
  url={https://doi.org/10.1016/j.asw.2020.100511}
}

@article{Williamson2012,
  author = {Williamson, David M. and Xi, Xiaoming and Breyer, F. Julius},
  title = {A Framework for Evaluation and Use of Automated Scoring},
  journal = {Educational Measurement: Issues and Practice},
  volume = {31},
  number = {1},
  pages = {2--13},
  year = {2012},
  publisher = {Wiley Online Library},
}

@article{Yannakoudakis2011,
  author = {Yannakoudakis, Helen and Briscoe, Ted and Medlock, Ben},
  title = {A New Dataset and Method for Automatically Grading ESOL Texts},
  journal = {ACL},
  year = {2011},
  pages = {180--189},
}

@book{Shermis2013,
  author    = {Mark Shermis and Jill Burstein},
  title     = {Handbook of Automated Essay Evaluation: Current Applications and New Directions},
  publisher = {Routledge},
  year      = {2013},
}

@inproceedings{litman2024fairness,
  title={Fairness in Automated Essay Scoring: A Comparative Analysis of Shallow and Deep Learning Algorithms},
  author={Litman, Diane and Baffour, Paul and Crossley, Scott},
  booktitle={Proceedings of the 19th Workshop on Innovative Use of NLP for Building Educational Applications (BEA)},
  year={2024},
  pages={184--194},
  publisher={Association for Computational Linguistics},
  url={https://aclanthology.org/2024.bea-1.18}
}

@inproceedings{blanchard2013toefl,
  title={TOEFL11: A corpus of non-native English},
  author={Blanchard, Daniel and Tetreault, Joel and Higgins, Derrick and Cahill, Aoife and Chodorow, Martin},
  booktitle={Proceedings of the Eighth Workshop on Innovative Use of NLP for Building Educational Applications},
  pages={45--52},
  year={2013}
}

@inproceedings{Sgengjie2024acl,
  title = {Automated Essay Scoring: A Reflection on the State of the Art},
  author = {Shengjie Li and Vincent Ng},
  booktitle = {Proceedings of the 2024 Conference on Empirical Methods in Natural Language Processing (EMNLP)},
  year = {2024},
  url = {https://aclanthology.org/2024.emnlp-main.991}
}

@article{burstein2003criterion,
  title={Automated essay evaluation: The criterion online writing evaluation service},
  author={Burstein, Jill and Chodorow, Martin and Leacock, Claudia},
  journal={AI Magazine},
  year={2003},
  publisher={Association for the Advancement of Artificial Intelligence}
}

@article{vaswani2017attention,
  title={Attention is All You Need},
  author={Vaswani, Ashish and Shazeer, Noam and Parmar, Niki and Uszkoreit, Jakob and Jones, Llion and Gomez, Aidan N and Kaiser, Łukasz and Polosukhin, Illia},
  journal={Advances in neural information processing systems},
  volume={30},
  year={2017}
}


@inproceedings{zhang2020automated,
  title={Automated Essay Scoring: A Survey of the State of the Art},
  author={Zhang, Tianyi and Litman, Diane},
  booktitle={Proceedings of the 28th International Conference on Computational Linguistics},
  pages={3739--3749},
  year={2020}
}

@article{cohen1968kappa,
    author = {Cohen, Jacob},
    title = {Weighted {Kappa}: Nominal Scale Agreement Provision for Scaled Disagreement},
    journal = {Psychological Bulletin},
    volume = {70},
    year = {1968}, 
}

@article{marti2002iam, 
title = {The {IAM}-Database: An English Sentence Database for Offline Handwriting Recognition}, 
author = {Marti, U.-V. and Bunke, H.}, 
journal = {International Journal on Document Analysis and Recognition}, 
volume = {5},
year = {2002}, 
}

@inproceedings{yang2016han, 
title = {Hierarchical Attention Networks for Document Classification}, 
author = {Yang, Zichao and Yang, Diyi and Dyer, Chris and He, Xiaodong and Smola, Alex and Hovy, Eduard}, 
booktitle = {Proceedings of the 2016 Conference of the North American Chapter of the Association for Computational Linguistics}, 
year = {2016}, 
publisher = {Association for Computational Linguistics}, 
url = {https://aclanthology.org/N16-1174} 
}

@misc{asap2012kaggle, 
title = {Automated Student Assessment Prize (ASAP) AES Dataset}, 
author = {{Kaggle}}, 
year = {2012}, 
url = {https://www.kaggle.com/competitions/asap-aes/data} }