@article{page1966imminence,
  title={The Imminence of Grading Essays by Computer},
  author={Page, Ellis Batten},
  journal={Phi Delta Kappan},
  volume={47},
  number={5},
  pages={238--243},
  year={1966},
  url={https://wac.colostate.edu/docs/books/usu/machine/chapter17.pdf}
}

@article{attali2006e_rater,
  title={Automated Essay Scoring With e-rater® V.2},
  author={Attali, Yigal and Burstein, Jill},
  journal={The Journal of Technology, Learning and Assessment},
  volume={4},
  number={3},
  pages={1--21},
  year={2006},
  url={https://ejournals.bc.edu/index.php/jtla/article/view/1650}
}

@book{shermis2013handbook,
  title={Handbook of Automated Essay Evaluation: Current Applications and New Directions},
  author={Shermis, Mark D. and Burstein, Jill},
  year={2013},
  publisher={Routledge},
  url={https://www.routledge.com/Handbook-of-Automated-Essay-Evaluation-Current-Applications-and-New-Directions/Shermis-Burstein/p/book/9780415810968}
}

@article{devlin2019bert,
  title={BERT: Pre-training of Deep Bidirectional Transformers for Language Understanding},
  author={Devlin, Jacob and Chang, Ming-Wei and Lee, Kenton and Toutanova, Kristina},
  journal={arXiv preprint arXiv:1810.04805},
  year={2019},
  url={https://arxiv.org/abs/1810.04805}
}

@article{liu2019roberta,
  title={RoBERTa: A Robustly Optimized BERT Pretraining Approach},
  author={Liu, Yinhan and Ott, Myle and Goyal, Naman and Du, Jingfei and Joshi, Mandar and Chen, Danqi and Levy, Omer and Lewis, Mike and Zettlemoyer, Luke and Stoyanov, Veselin},
  journal={arXiv preprint arXiv:1907.11692},
  year={2019},
  url={https://arxiv.org/abs/1907.11692}
}

@inproceedings{taghipour2016neural,
  title={A Neural Approach to Automated Essay Scoring},
  author={Taghipour, Kaveh and Ng, Hwee Tou},
  booktitle={Proceedings of the 2016 Conference on Empirical Methods in Natural Language Processing},
  pages={1882--1891},
  year={2016},
  url={https://aclanthology.org/D16-1193/}
}

@article{blodgett2020language,
  title={Language (Technology) is Power: A Critical Survey of “Bias” in NLP},
  author={Blodgett, Su Lin and Barocas, Solon and Daumé III, Hal and Wallach, Hanna},
  journal={Proceedings of the 58th Annual Meeting of the Association for Computational Linguistics},
  pages={5454--5476},
  year={2020},
  url={https://aclanthology.org/2020.acl-main.485/}
}

@article{lundberg2017unified,
  title={A Unified Approach to Interpreting Model Predictions},
  author={Lundberg, Scott M. and Lee, Su-In},
  journal={Advances in Neural Information Processing Systems},
  volume={30},
  pages={4765--4774},
  year={2017},
  url={https://arxiv.org/abs/1705.07874}
}
